<record><leader>00000cas a22000007a 4500</leader><controlfield tag="001">9461031</controlfield><controlfield tag="008">830429d19831985ncuen ne      0   a0eng d</controlfield><datafield ind1=" " ind2=" " tag="010"><subfield code="a">sn 83007712 </subfield></datafield><datafield ind1=" " ind2=" " tag="040"><subfield code="a">NSD</subfield><subfield code="b">eng</subfield><subfield code="c">NSD</subfield><subfield code="d">NST</subfield><subfield code="d">NVJ</subfield><subfield code="d">NCECU</subfield><subfield code="d">OCLCQ</subfield><subfield code="d">OCLCF</subfield><subfield code="d">OCLCO</subfield><subfield code="d">IUL</subfield><subfield code="d">OCLCA</subfield></datafield><datafield ind1=" " ind2=" " tag="012"><subfield code="l">1</subfield></datafield><datafield ind1="1" ind2=" " tag="022"><subfield code="a">0737-8254</subfield><subfield code="l">0737-8254</subfield><subfield code="2">1</subfield></datafield><datafield ind1=" " ind2=" " tag="042"><subfield code="a">nsdp</subfield><subfield code="a">msc</subfield></datafield><datafield ind1="1" ind2="4" tag="050"><subfield code="a">AP2</subfield><subfield code="b">.I53</subfield></datafield><datafield ind1=" " ind2="4" tag="222"><subfield code="a">The North Carolina independent</subfield></datafield><datafield ind1="0" ind2="4" tag="245"><subfield code="a">The North Carolina independent.</subfield></datafield><datafield ind1="1" ind2="0" tag="246"><subfield code="a">NC independent</subfield></datafield><datafield ind1="1" ind2="3" tag="246"><subfield code="a">N.C. independent</subfield></datafield><datafield ind1="1" ind2="3" tag="246"><subfield code="a">Independent</subfield></datafield><datafield ind1=" " ind2=" " tag="260"><subfield code="a">Durham, NC :</subfield><subfield code="b">Carolina Independent Publications, Inc., 1983-</subfield></datafield><datafield ind1=" " ind2=" " tag="300"><subfield code="a">3 v.</subfield></datafield><datafield ind1=" " ind2=" " tag="310"><subfield code="a">Biweekly (except monthly in Aug. &amp; Jan.),</subfield><subfield code="b">May 27-June 9, 1983-Feb. 15-28, 1985</subfield></datafield><datafield ind1=" " ind2=" " tag="321"><subfield code="a">Biweekly,</subfield><subfield code="b">Apr. 15-28, 1983-May 13-26, 1983</subfield></datafield><datafield ind1="0" ind2=" " tag="362"><subfield code="a">Vol. 1, no. 1 (Apr. 15-28, 1983)-v. 3, no. 3 (Feb. 15-28, 1985).</subfield></datafield><datafield ind1=" " ind2="0" tag="651"><subfield code="a">North Carolina</subfield><subfield code="v">Newspapers.</subfield></datafield><datafield ind1=" " ind2="7" tag="651"><subfield code="a">North Carolina.</subfield><subfield code="2">fast</subfield><subfield code="0">(OCoLC)fst01204304</subfield></datafield><datafield ind1=" " ind2="7" tag="655"><subfield code="a">Newspapers.</subfield><subfield code="2">fast</subfield><subfield code="0">(OCoLC)fst01423814</subfield></datafield><datafield ind1=" " ind2=" " tag="752"><subfield code="a">United States</subfield><subfield code="b">North Carolina</subfield><subfield code="c">Durham</subfield><subfield code="d">Durham.</subfield></datafield><datafield ind1="0" ind2="0" tag="785"><subfield code="t">Independent (Durham, N.C.)</subfield><subfield code="x">0737-8254</subfield><subfield code="w">(DLC)sn 97064517</subfield><subfield code="w">(OCoLC)13222854</subfield></datafield><datafield ind1=" " ind2=" " tag="850"><subfield code="a">NcWsW</subfield></datafield><datafield ind1=" " ind2=" " tag="936"><subfield code="a">Apr. 15-18, 1983</subfield></datafield><datafield ind1="1" ind2=" " tag="029"><subfield code="a">AU@</subfield><subfield code="b">000045449830</subfield></datafield></record>